<?xml version="1.0" encoding="UTF-8"?>
<record xmlns="http://www.loc.gov/MARC21/slim" xmlns:zs="http://docs.oasis-open.org/ns/search-ws/sruResponse">
 <leader>
  08853cpcaa22012977a 4500
 </leader>
 <controlfield tag="001">
  15848938
 </controlfield>
 <controlfield tag="005">
  20200611124453.0
 </controlfield>
 <controlfield tag="007">
  st o|ndm|||n|e
 </controlfield>
 <controlfield tag="007">
  ss ||njl|||n|e
 </controlfield>
 <controlfield tag="007">
  vr ||a|||
 </controlfield>
 <controlfield tag="007">
  vf ||a|||
 </controlfield>
 <controlfield tag="008">
  090803k19681991xx                  eng
 </controlfield>
 <datafield ind1=" " ind2=" " tag="906">
  <subfield code="a">
   7
  </subfield>
  <subfield code="b">
   cbc
  </subfield>
  <subfield code="c">
   orignew
  </subfield>
  <subfield code="d">
   u
  </subfield>
  <subfield code="e">
   ncip
  </subfield>
  <subfield code="f">
   20
  </subfield>
  <subfield code="g">
   y-folklife
  </subfield>
 </datafield>
 <datafield ind1=" " ind2=" " tag="955">
  <subfield code="a">
   mkru 2009-08-03; cker 2011-01-24;
  </subfield>
  <subfield code="a">
   mseg 2013-01-07
  </subfield>
  <subfield code="a">
   mseg 2013-06-04
  </subfield>
  <subfield code="a">
   mkru 2016-08-10
  </subfield>
  <subfield code="a">
   masmit 2020-06-11
  </subfield>
 </datafield>
 <datafield ind1=" " ind2=" " tag="010">
  <subfield code="a">
   2009655369
  </subfield>
 </datafield>
 <datafield ind1=" " ind2=" " tag="040">
  <subfield code="a">
   DLC
  </subfield>
  <subfield code="c">
   DLC
  </subfield>
  <subfield code="e">
   dacs
  </subfield>
  <subfield code="d">
   DLC
  </subfield>
 </datafield>
 <datafield ind1=" " ind2=" " tag="043">
  <subfield code="a">
   n-usa--
  </subfield>
  <subfield code="a">
   n-us-wv
  </subfield>
  <subfield code="a">
   n-us-ca
  </subfield>
 </datafield>
 <datafield ind1=" " ind2=" " tag="090">
  <subfield code="a">
   RYL 7321-7378; RYL 7381-7384; RYL 7386-7399; RYL 7419-7426; RYN 8484-8486
  </subfield>
 </datafield>
 <datafield ind1=" " ind2=" " tag="090">
  <subfield code="a">
   VAK 6831-6847; VBR 4392-4550; VRA 0919-1013; VRA 1021-1031; VRA 1033-1077; VRA 1079-1088; VXE 6001-6177
  </subfield>
 </datafield>
 <datafield ind1=" " ind2=" " tag="090">
  <subfield code="a">
   LWO 5781, 7152, 7468, 9619, 12249, 16506 reels 1A-41B; RWA 7817-7822, 8361-8379 (LWO 18823)
  </subfield>
 </datafield>
 <datafield ind1=" " ind2=" " tag="090">
  <subfield code="a">
   AFS 14079-14082; 15455-15458; 15661-15666; 19133-19145; 19283-19288; 20267-20307; 23158-23182
  </subfield>
 </datafield>
 <datafield ind1=" " ind2=" " tag="090">
  <subfield code="a">
   AFC 1970/001
  </subfield>
 </datafield>
 <datafield ind1="0" ind2="0" tag="245">
  <subfield code="a">
   Eleanor Dickinson collection,
  </subfield>
  <subfield code="f">
   1901-2004
  </subfield>
  <subfield code="g">
   (bulk 1968-1991) /
  </subfield>
  <subfield code="c">
   collected by Eleanor Dickinson.
  </subfield>
 </datafield>
 <datafield ind1=" " ind2=" " tag="300">
  <subfield code="3">
   manuscripts
  </subfield>
  <subfield code="a">
   90
  </subfield>
  <subfield code="f">
   folders.
  </subfield>
 </datafield>
 <datafield ind1=" " ind2=" " tag="300">
  <subfield code="3">
   preservation tapes
  </subfield>
  <subfield code="a">
   99 sound tape reels (261 hrs. 30 min.) :
  </subfield>
  <subfield code="b">
   analog, 2 track, various speeds ;
  </subfield>
  <subfield code="c">
   10 in.
  </subfield>
 </datafield>
 <datafield ind1=" " ind2=" " tag="300">
  <subfield code="a">
   86 sound cassettes :
  </subfield>
  <subfield code="b">
   analog.
  </subfield>
 </datafield>
 <datafield ind1=" " ind2=" " tag="300">
  <subfield code="a">
   170 video reels ;
  </subfield>
  <subfield code="c">
   various sizes.
  </subfield>
 </datafield>
 <datafield ind1=" " ind2=" " tag="300">
  <subfield code="a">
   11 videocassettes ;
  </subfield>
  <subfield code="c">
   various sizes.
  </subfield>
 </datafield>
 <datafield ind1=" " ind2=" " tag="300">
  <subfield code="a">
   18 photographic prints :
  </subfield>
  <subfield code="b">
   black and white ;
  </subfield>
  <subfield code="c">
   3 x 5 in.
  </subfield>
 </datafield>
 <datafield ind1=" " ind2=" " tag="300">
  <subfield code="a">
   17 color slides.
  </subfield>
 </datafield>
 <datafield ind1=" " ind2=" " tag="300">
  <subfield code="a">
   222 powerpoint slides :
  </subfield>
  <subfield code="b">
   digital prints, grayscale.
  </subfield>
 </datafield>
 <datafield ind1=" " ind2=" " tag="300">
  <subfield code="a">
   2 artifacts.
  </subfield>
 </datafield>
 <datafield ind1=" " ind2=" " tag="351">
  <subfield code="a">
   Organized by accession in fourteen accruals; then organized by format.
  </subfield>
 </datafield>
 <datafield ind1=" " ind2=" " tag="500">
  <subfield code="a">
   Sound recordings were duplicated by the Library of Congress in several accessions and the originals were returned to Eleanor Dickinson.
  </subfield>
 </datafield>
 <datafield ind1=" " ind2=" " tag="500">
  <subfield code="a">
   Library of Congress duplication project.
  </subfield>
 </datafield>
 <datafield ind1=" " ind2=" " tag="545">
  <subfield code="a">
   Eleanor Creekmore Dickinson was born in 1931 and raised in Knoxville, Tennessee.  She received a B.A. in Fine Arts from the University of Tennessee in 1952; studied painting and printmaking at the San Francisco Art Institute from 1961 to1963, and received an M.F.A. in film and video from the California College of Arts and Crafts in 1982.  She has depicted religious revivals in her art work as well as in her extensive field documentation of the subject, which culminated in her 1970 exhibit, Revival!
  </subfield>
 </datafield>
 <datafield ind1=" " ind2=" " tag="520">
  <subfield code="a">
   This collection of video recordings, sound recordings, manuscripts, photographs, graphic materials, and artifacts documents Protestant religious revival meetings of various denominations in the southern Appalachian region, primarily in Tennessee, West Virginia, Kentucky, Virginia, and Georgia. The collection documents both white and a few African American religious services. The collection includes interviews with church leaders and members of congregations, and documentation of religious services, healing services, revivals, hymn singing, sermons, snake handling, and other religious rites and customs recorded by Eleanor Dickinson from 1968 to 1991.  Other topics include beekeeping, church roadside signs, religious quilts, snake hunting, drinking strychnine, decorating graves in cemeteries, church dinners, and more. Included are some religious and secular radio programs recorded by Dickinson, including programs from Nashville, Tennessee, featuring bluegrass music, and a program featuring Paul Simon; and documentation of Protestant revivals in Oakland and San Francisco, California.  Dickinson's interviews with visionary artist Howard Finster on various occasions between August 1, 1981 and July 25, 1991 in Summerville, Georgia, are included in the collection.  The collection also includes audio logs and transcripts,  video logs, the collector's powerpoint presentations (2004), documentation of Dickinson's exhibition, Revival!, at the Corcoran Gallery of Art in 1970; and other manuscript materials.
  </subfield>
 </datafield>
 <datafield ind1=" " ind2=" " tag="524">
  <subfield code="a">
   Eleanor Dickinson collection (AFC 1970/001), Archive of Folk Culture, American Folklife Center, Library of Congress, Washington, D.C.
  </subfield>
 </datafield>
 <datafield ind1="0" ind2=" " tag="506">
  <subfield code="a">
   The collection is open for research. To request materials, please contact the Folklife Reading Room at
  </subfield>
  <subfield code="u">
   http://hdl.loc.gov/loc.afc/folklife.contact
  </subfield>
 </datafield>
 <datafield ind1=" " ind2=" " tag="540">
  <subfield code="a">
   Duplication of the collection materials may be governed by copyright and other restrictions.
  </subfield>
 </datafield>
 <datafield ind1=" " ind2=" " tag="541">
  <subfield code="a">
   Eleanor Dickinson;
  </subfield>
  <subfield code="c">
   Loan for duplication; donation;
  </subfield>
  <subfield code="d">
   1970-2004.
  </subfield>
 </datafield>
 <datafield ind1="1" ind2=" " tag="544">
  <subfield code="n">
   Thirty Eleanor Dickinson drawings in pencil and in pen and ink depicting people at religious services (unprocessed in PR 13 CN 1973:311) are located in the Prints and Photographs Division, Library of Congress, and were donated to the Library with AFC 1970/011.  Twenty-two of these drawings may be viewed in the P&amp;P online catalog.
  </subfield>
 </datafield>
 <datafield ind1="0" ind2=" " tag="544">
  <subfield code="d">
   Eleanor Dickinson Papers, 1951-2003,
  </subfield>
  <subfield code="a">
   Archives of American Art, Smithsonian Institution,
  </subfield>
  <subfield code="b">
   Washington, D.C. 20560.
  </subfield>
 </datafield>
 <datafield ind1="0" ind2=" " tag="555">
  <subfield code="a">
   Finding aid is available online
  </subfield>
  <subfield code="u">
   http://hdl.loc.gov/loc.afc/eadafc.af016005
  </subfield>
 </datafield>
 <datafield ind1="1" ind2="0" tag="600">
  <subfield code="a">
   Finster, Howard,
  </subfield>
  <subfield code="d">
   1916-2001
  </subfield>
  <subfield code="v">
   Interviews.
  </subfield>
 </datafield>
 <datafield ind1=" " ind2="0" tag="650">
  <subfield code="a">
   Evangelicalism
  </subfield>
  <subfield code="z">
   Appalachian Region, Southern.
  </subfield>
 </datafield>
 <datafield ind1=" " ind2="0" tag="650">
  <subfield code="a">
   Revivals
  </subfield>
  <subfield code="z">
   Appalachian Region, Southern.
  </subfield>
 </datafield>
 <datafield ind1=" " ind2="0" tag="650">
  <subfield code="a">
   Pentecostals
  </subfield>
  <subfield code="z">
   Appalachian Region, Southern.
  </subfield>
 </datafield>
 <datafield ind1=" " ind2="0" tag="650">
  <subfield code="a">
   Revival hymns
  </subfield>
  <subfield code="z">
   Appalachian Region, Southern.
  </subfield>
 </datafield>
 <datafield ind1=" " ind2="0" tag="650">
  <subfield code="a">
   Baptists
  </subfield>
  <subfield code="x">
   Religious life
  </subfield>
  <subfield code="z">
   Appalachian Region, Southern.
  </subfield>
 </datafield>
 <datafield ind1=" " ind2="0" tag="650">
  <subfield code="a">
   Church of God
  </subfield>
  <subfield code="z">
   Appalachian Region, Southern.
  </subfield>
 </datafield>
 <datafield ind1=" " ind2="0" tag="650">
  <subfield code="a">
   Pentecostal churches
  </subfield>
  <subfield code="z">
   Appalachian Region, Southern.
  </subfield>
 </datafield>
 <datafield ind1=" " ind2="0" tag="650">
  <subfield code="a">
   Holiness churches
  </subfield>
  <subfield code="z">
   Appalachian Region, Southern.
  </subfield>
 </datafield>
 <datafield ind1=" " ind2="0" tag="650">
  <subfield code="a">
   Hymns, English
  </subfield>
  <subfield code="z">
   Appalachian Region, Southern.
  </subfield>
 </datafield>
 <datafield ind1=" " ind2="0" tag="650">
  <subfield code="a">
   Shape-note singing
  </subfield>
  <subfield code="z">
   Appalachian Region, Southern.
  </subfield>
 </datafield>
 <datafield ind1=" " ind2="0" tag="650">
  <subfield code="a">
   Old-time music
  </subfield>
  <subfield code="z">
   Appalachian Region, Southern.
  </subfield>
 </datafield>
 <datafield ind1=" " ind2="0" tag="650">
  <subfield code="a">
   Baptism
  </subfield>
  <subfield code="z">
   Appalachian Region, Southern.
  </subfield>
 </datafield>
 <datafield ind1=" " ind2="0" tag="650">
  <subfield code="a">
   Baptism in the Holy Spirit
  </subfield>
  <subfield code="z">
   Appalachian Region, Southern.
  </subfield>
 </datafield>
 <datafield ind1=" " ind2="0" tag="650">
  <subfield code="a">
   Baptism in the name of Jesus
  </subfield>
  <subfield code="z">
   Appalachian Region, Southern.
  </subfield>
 </datafield>
 <datafield ind1=" " ind2="0" tag="650">
  <subfield code="a">
   Bee culture
  </subfield>
  <subfield code="z">
   Tennessee.
  </subfield>
 </datafield>
 <datafield ind1=" " ind2="0" tag="650">
  <subfield code="a">
   Cemeteries
  </subfield>
  <subfield code="z">
   Appalachian Region, Southern.
  </subfield>
 </datafield>
 <datafield ind1=" " ind2="0" tag="650">
  <subfield code="a">
   Christian art and symbolism
  </subfield>
  <subfield code="z">
   Appalachian Region, Southern.
  </subfield>
 </datafield>
 <datafield ind1=" " ind2="0" tag="650">
  <subfield code="a">
   Copperhead
  </subfield>
  <subfield code="z">
   Appalachian Region, Southern.
  </subfield>
 </datafield>
 <datafield ind1=" " ind2="0" tag="650">
  <subfield code="a">
   Easter service.
  </subfield>
 </datafield>
 <datafield ind1=" " ind2="0" tag="650">
  <subfield code="a">
   Easter
  </subfield>
  <subfield code="z">
   California
  </subfield>
  <subfield code="z">
   Oakland.
  </subfield>
 </datafield>
 <datafield ind1=" " ind2="0" tag="650">
  <subfield code="a">
   Exorcism
  </subfield>
  <subfield code="z">
   Appalachian Region, Southern.
  </subfield>
 </datafield>
 <datafield ind1=" " ind2="0" tag="650">
  <subfield code="a">
   Evangelistic sermons
  </subfield>
  <subfield code="z">
   Appalachian Region, Southern.
  </subfield>
 </datafield>
 <datafield ind1=" " ind2="0" tag="650">
  <subfield code="a">
   Glossolalia
  </subfield>
  <subfield code="z">
   Appalachian Region, Southern.
  </subfield>
 </datafield>
 <datafield ind1=" " ind2="0" tag="650">
  <subfield code="a">
   Healing
  </subfield>
  <subfield code="x">
   Religious aspects
  </subfield>
  <subfield code="x">
   Baptists.
  </subfield>
 </datafield>
 <datafield ind1=" " ind2="0" tag="650">
  <subfield code="a">
   Healing
  </subfield>
  <subfield code="x">
   Religious aspects
  </subfield>
  <subfield code="x">
   Holiness churches.
  </subfield>
 </datafield>
 <datafield ind1=" " ind2="0" tag="650">
  <subfield code="a">
   Healing
  </subfield>
  <subfield code="x">
   Religious aspects
  </subfield>
  <subfield code="x">
   Pentecostal churches.
  </subfield>
 </datafield>
 <datafield ind1=" " ind2="0" tag="650">
  <subfield code="a">
   Pentecostalism
  </subfield>
  <subfield code="z">
   Appalachian Region, Southern.
  </subfield>
 </datafield>
 <datafield ind1=" " ind2="0" tag="650">
  <subfield code="a">
   Prayer
  </subfield>
  <subfield code="z">
   Appalachian Region, Southern.
  </subfield>
 </datafield>
 <datafield ind1=" " ind2="0" tag="650">
  <subfield code="a">
   Quilts
  </subfield>
  <subfield code="z">
   Appalachian Region, Southern.
  </subfield>
 </datafield>
 <datafield ind1=" " ind2="0" tag="650">
  <subfield code="a">
   Rattlesnake hunting
  </subfield>
  <subfield code="z">
   Appalachian Region, Southern.
  </subfield>
 </datafield>
 <datafield ind1=" " ind2="0" tag="650">
  <subfield code="a">
   Religious dance
  </subfield>
  <subfield code="z">
   Appalachian Region, Southern.
  </subfield>
 </datafield>
 <datafield ind1=" " ind2="0" tag="650">
  <subfield code="a">
   Sermons, American
  </subfield>
  <subfield code="z">
   Appalachian Region, Southern.
  </subfield>
 </datafield>
 <datafield ind1=" " ind2="0" tag="650">
  <subfield code="a">
   Snake cults (Holiness churches)
  </subfield>
  <subfield code="z">
   Appalachian Region, Southern.
  </subfield>
 </datafield>
 <datafield ind1=" " ind2="0" tag="650">
  <subfield code="a">
   Snake hunting
  </subfield>
  <subfield code="z">
   Appalachian Region, Southern.
  </subfield>
 </datafield>
 <datafield ind1=" " ind2="0" tag="650">
  <subfield code="a">
   Stigmatization
  </subfield>
  <subfield code="z">
   Appalachian Region, Southern.
  </subfield>
 </datafield>
 <datafield ind1=" " ind2="0" tag="650">
  <subfield code="a">
   Strychnine
  </subfield>
  <subfield code="x">
   Social aspects
  </subfield>
  <subfield code="z">
   Appalachian Region, Southern.
  </subfield>
 </datafield>
 <datafield ind1=" " ind2="0" tag="650">
  <subfield code="a">
   Witness bearing (Christianity)
  </subfield>
 </datafield>
 <datafield ind1=" " ind2="0" tag="650">
  <subfield code="a">
   Church signs
  </subfield>
  <subfield code="z">
   Appalachian Region, Southern.
  </subfield>
 </datafield>
 <datafield ind1=" " ind2="0" tag="650">
  <subfield code="a">
   Coal miners
  </subfield>
  <subfield code="z">
   West Virginia
  </subfield>
  <subfield code="x">
   Religious life.
  </subfield>
 </datafield>
 <datafield ind1=" " ind2="0" tag="650">
  <subfield code="a">
   Clergy
  </subfield>
  <subfield code="z">
   Appalachian Region, Southern
  </subfield>
  <subfield code="v">
   Interviews.
  </subfield>
 </datafield>
 <datafield ind1=" " ind2="0" tag="650">
  <subfield code="a">
   African American churches
  </subfield>
  <subfield code="z">
   Appalachian Region, Southern.
  </subfield>
 </datafield>
 <datafield ind1=" " ind2="0" tag="650">
  <subfield code="a">
   Seventh-Day Adventists
  </subfield>
  <subfield code="z">
   California
  </subfield>
  <subfield code="z">
   San Francisco.
  </subfield>
 </datafield>
 <datafield ind1=" " ind2="0" tag="650">
  <subfield code="a">
   Baptists
  </subfield>
  <subfield code="z">
   California
  </subfield>
  <subfield code="z">
   Oakland.
  </subfield>
 </datafield>
 <datafield ind1=" " ind2="0" tag="650">
  <subfield code="a">
   Church of God
  </subfield>
  <subfield code="z">
   California
  </subfield>
  <subfield code="z">
   San Francisco.
  </subfield>
 </datafield>
 <datafield ind1=" " ind2="0" tag="650">
  <subfield code="a">
   African Americans
  </subfield>
  <subfield code="x">
   Religion.
  </subfield>
 </datafield>
 <datafield ind1=" " ind2="0" tag="650">
  <subfield code="a">
   Field recordings
  </subfield>
  <subfield code="z">
   Appalachian Region, Southern.
  </subfield>
 </datafield>
 <datafield ind1=" " ind2="0" tag="650">
  <subfield code="a">
   Field recordings
  </subfield>
  <subfield code="z">
   California.
  </subfield>
 </datafield>
 <datafield ind1=" " ind2="0" tag="651">
  <subfield code="a">
   Appalachian Region, Southern
  </subfield>
  <subfield code="x">
   Social life and customs.
  </subfield>
 </datafield>
 <datafield ind1=" " ind2="0" tag="651">
  <subfield code="a">
   Knoxville (Tenn.)
  </subfield>
  <subfield code="x">
   Religious life and customs.
  </subfield>
 </datafield>
 <datafield ind1=" " ind2="7" tag="655">
  <subfield code="a">
   Interviews.
  </subfield>
  <subfield code="2">
   lcgft
  </subfield>
 </datafield>
 <datafield ind1=" " ind2="7" tag="655">
  <subfield code="a">
   Sermons.
  </subfield>
  <subfield code="2">
   aat
  </subfield>
 </datafield>
 <datafield ind1=" " ind2="7" tag="655">
  <subfield code="a">
   Prayers.
  </subfield>
  <subfield code="2">
   aat
  </subfield>
 </datafield>
 <datafield ind1=" " ind2="7" tag="655">
  <subfield code="a">
   Ethnography.
  </subfield>
  <subfield code="2">
   aat
  </subfield>
 </datafield>
 <datafield ind1=" " ind2="7" tag="655">
  <subfield code="a">
   Drawings.
  </subfield>
  <subfield code="2">
   aat
  </subfield>
 </datafield>
 <datafield ind1=" " ind2="7" tag="655">
  <subfield code="a">
   Video recordings.
  </subfield>
  <subfield code="2">
   aat
  </subfield>
 </datafield>
 <datafield ind1=" " ind2="7" tag="655">
  <subfield code="a">
   Sound recordings.
  </subfield>
  <subfield code="2">
   aat
  </subfield>
 </datafield>
 <datafield ind1=" " ind2="7" tag="655">
  <subfield code="a">
   Photographs.
  </subfield>
  <subfield code="2">
   aat
  </subfield>
 </datafield>
 <datafield ind1=" " ind2="7" tag="655">
  <subfield code="a">
   Christian radio programs.
  </subfield>
  <subfield code="2">
   lcgft
  </subfield>
 </datafield>
 <datafield ind1=" " ind2="7" tag="655">
  <subfield code="a">
   Field recordings.
  </subfield>
  <subfield code="2">
   lcgft
  </subfield>
 </datafield>
 <datafield ind1=" " ind2="7" tag="655">
  <subfield code="a">
   Radio airchecks.
  </subfield>
  <subfield code="2">
   lcgft
  </subfield>
 </datafield>
 <datafield ind1="1" ind2=" " tag="700">
  <subfield code="a">
   Dickinson, Eleanor,
  </subfield>
  <subfield code="d">
   1931-
  </subfield>
  <subfield code="e">
   collector,
  </subfield>
  <subfield code="e">
   interviewer.
  </subfield>
 </datafield>
 <datafield ind1="1" ind2=" " tag="700">
  <subfield code="a">
   Finster, Howard,
  </subfield>
  <subfield code="d">
   1916-2001,
  </subfield>
  <subfield code="e">
   interviewee.
  </subfield>
 </datafield>
 <datafield ind1=" " ind2=" " tag="852">
  <subfield code="a">
   Library of Congress
  </subfield>
  <subfield code="b">
   Archive of Folk Culture, American Folklife Center,
  </subfield>
  <subfield code="e">
   101 Independence Ave. S. E., Washington, DC USA 20540-4610
  </subfield>
 </datafield>
 <datafield ind1="4" ind2="2" tag="856">
  <subfield code="3">
   Finding aid
  </subfield>
  <subfield code="u">
   http://hdl.loc.gov/loc.afc/eadafc.af016005
  </subfield>
 </datafield>
 <datafield ind1=" " ind2=" " tag="985">
  <subfield code="a">
   afc/ead
  </subfield>
 </datafield>
 <datafield ind1=" " ind2=" " tag="985">
  <subfield code="a">
   afc/coll
  </subfield>
 </datafield>
</record>
